<?xml version="1.0" encoding="UTF-8"?><collection xmlns="http://www.loc.gov/MARC21/slim"><record><leader>00701nam--2200205-i-4500</leader><controlfield tag="001">000001100</controlfield><controlfield tag="002">20161230</controlfield><controlfield tag="005">20170124002036</controlfield><controlfield tag="008">060222s1000------------r-----000-0-rum-d</controlfield><datafield ind1=" " ind2=" " tag="040"><subfield code="a">IFIN-HH</subfield></datafield><datafield ind1=" " ind2=" " tag="041"><subfield code="a">rum</subfield></datafield><datafield ind1=" " ind2=" " tag="080"><subfield code="a">681.3.06:519.283</subfield></datafield><datafield ind1="1" ind2=" " tag="100"><subfield code="a">Kaufmann, A</subfield></datafield><datafield ind1="1" ind2="0" tag="245"><subfield code="a">Metode si modele ale cercetarii operationale. Programarea matematica in numere intregi</subfield><subfield code="b">Volumul III</subfield><subfield code="c">A. Kaufmann, A. Henry-Labordere</subfield></datafield><datafield ind1=" " ind2=" " tag="260"><subfield code="a">Bucuresti</subfield><subfield code="b">Editura Stiintifica Si Enciclopedica</subfield><subfield code="c">1975</subfield></datafield><datafield ind1=" " ind2=" " tag="300"><subfield code="a">440 p</subfield></datafield><datafield ind1=" " ind2=" " tag="500"><subfield code="a">Titlul Original In Limba Franceza: Methodes Et Modeles De La Recehrche Operationnelle</subfield></datafield><datafield ind1="1" ind2=" " tag="700"><subfield code="a">Henry-Labordere, A</subfield></datafield><datafield ind1=" " ind2=" " tag="852"><subfield code="a">42848</subfield><subfield code="c">519.283</subfield></datafield><datafield ind1=" " ind2=" " tag="CAT"><subfield code="a">SYS</subfield><subfield code="c">20170124</subfield><subfield code="h">002036</subfield></datafield></record></collection>